
@ONLINE{lejos,
    author = {leJOS team},
    title = {leJOS NXJ 0.9.1 release notes},
    month = feb,
    year = {2012},
    url = {http://lejos.sourceforge.net/}
}

@ONLINE{behaviour,
    author = {leJOS team},
    title = {Programming Behavior with leJOS NXJ},
    month = dec,
    year = {2010
    },
    url = {lejos.sourceforge.net/nxt/nxj/tutorial/Behaviors/BehaviorProgramming.htm}
}

book{aUniqueRef,
    author="Some dude",
    title="Something they wrote",
    year="2000",
    publisher="Some people"
}